
@book{1,
  title={De vliegeraar},
  author={Khaled Hosseini},
  isbn={9789023477327},
  year={2003},
  publisher={Riverhead Books},
  location={New York},
  month={Augustus},
  note={Coming-of-age-roman},
  number={(352)}
}

@book{2,
  title={De zwarte monnik},
  author={Anton Tsjechov},
  year={1893},
  publisher={Uitgeverij onbekend},
  note={Kortverhaal},
  number={(16)}
}

@book{3,
  title={Oorlog en terpentijn},
  author={Stefan Hertmans},
  isbn={9789023494676},
  year={2014},
  publisher={De Bezige Bij},
  location={Amsterdam},
  number={(333)}
}

@book{4,
  title={Het leven van Pi},
  author={Yann Martel},
  isbn={9789057138423},
  year={2015},
  publisher={Prometheus},
  location={Amsterdam},
  number={(318)}
}

@proceedings{5,
  title={BelgiÃ« ondertiteld},
  organization={BRONKS},
  note={Theater},
  number={(68 min)}
}